@inproceedings{inproceedings,
author = {Yang, Zhirong and Zhang, He and Yuan, Zhijian and Oja, Erkki},
year = {2011},
month = {06},
pages = {250-257},
title = {Kullback-Leibler Divergence for Nonnegative Matrix Factorization},
volume = {6791},
isbn = {978-3-642-21734-0},
doi = {10.1007/978-3-642-21735-7_31}
}
@software{Mallari_NMF_Application_2022,
  author       = {Mallari, Rad},
  month        = {5},
  title        = {{NMF Application}},
  howpublished = {\url{https://github.com/radimallari/108C_Final_Project}},
  year         = {2022}
}
 @misc{colyer_2019,
  title   = {The why and how of nonnegative matrix factorization},
  url     = {https://blog.acolyer.org/2019/02/18/the-why-and-how-of-nonnegative-matrix-factorization/},
  journal = {The morning paper},
  author  = {Colyer, Adrian},
  year    = {2019},
  month   = {Feb}
} 
@misc{algorithms,
title={Algorithms for non-negative matrix factorization},
url={https://web.cs.ucla.edu/~yzsun/classes/2014Spring_CS7280/Papers/Clustering/NNF_lee01algorithms.pdf}, 
 journal={Algorithms for Non-negative Matrix Factorization},
 author = {Lee, Seung}, 
 publisher={web.cs.ucla.edu}
 }
