@article{Figueredo:2009dg,
  author  = {Figueredo, A.~J. and Wolf, P. S.~A.},
  title   = {Assortative pairing and life history strategy - a cross-cultural study.},
  journal = {Human Nature},
  volume  = {20},
  pages   = {317-330},
  year    = {2009}
}
@software{Mallari_NMF_Application_2022,
  author       = {Mallari, Rad},
  month        = {5},
  title        = {{NMF Application}},
  howpublished = {\url{https://github.com/radimallari/108C_Final_Project}},
  year         = {2022}
}
 @misc{colyer_2019,
  title   = {The why and how of nonnegative matrix factorization},
  url     = {https://blog.acolyer.org/2019/02/18/the-why-and-how-of-nonnegative-matrix-factorization/},
  journal = {The morning paper},
  author  = {Colyer, Adrian},
  year    = {2019},
  month   = {Feb}
}